@TECHREPORT
{
    Jette2002, 
    AUTHOR = "Moe Jette et al",
    TITLE  = "Survey of Batch/Resource Management-Related System Software",
    INSTITUTION = "LLNL",
    YEAR        = 2002,
}
